@online{flamsongithub,
  title = {\ensuremath{\textstyle\mathsf{F}\kern-.1em\mathsf L\kern-.36em\raise .023em\hbox{$\forall$}\kern-.11em\mathsf M\kern-.5em\int} -- Flexiformal Annotation Management System},
  note={git repository},
  author = {Dennis MÃ¼ller},
  url = {https://github.com/flexiformal/flams},
  urldate = {2025-07-24}}
